<?xml version="1.0" encoding="UTF-8"?><record xmlns="http://www.loc.gov/MARC21/slim" xmlns:cinclude="http://apache.org/cocoon/include/1.0" xmlns:zs="http://www.loc.gov/zing/srw/">
  <leader>00439cz  a2200121n  4500</leader>
  <controlfield tag="001">n  88649108 </controlfield>
  <controlfield tag="003">DLC</controlfield>
  <controlfield tag="005">20141210080224.0</controlfield>
  <controlfield tag="008">880713n| azannaab           |n aad      </controlfield>
  <datafield tag="010" ind1=" " ind2=" ">
    <subfield code="a">n  88649108 </subfield>
  </datafield>
  <datafield tag="040" ind1=" " ind2=" ">
    <subfield code="a">DLC</subfield>
    <subfield code="b">eng</subfield>
    <subfield code="e">rda</subfield>
    <subfield code="c">DLC</subfield>
    <subfield code="d">DLC</subfield>
  </datafield>
  <datafield tag="100" ind1="1" ind2=" ">
    <subfield code="a">Christensen, R. N.</subfield>
  </datafield>
  <datafield tag="670" ind1=" " ind2=" ">
    <subfield code="a">nuc88-083380: Gear, D.W. Heat transfer with continuous and discrete heating in fully developed ... 1981</subfield>
    <subfield code="b">(hdg. on InU rept.: Christensen, R. N.; usage: R.H. Christensen)</subfield>
  </datafield>
</record>